@article{DBLP:journals/corr/GravesWD14,
  author    = {Alex Graves and
    Greg Wayne and
      Ivo Danihelka},
  title     = {Neural Turing Machines},
  journal   = {CoRR},
  volume    = {abs/1410.5401},
  year      = {2014},
  url       = {http://arxiv.org/abs/1410.5401},
  timestamp = {Sun, 02 Nov 2014 11:25:59 +0100},
  biburl    = {http://dblp.uni-trier.de/rec/bib/journals/corr/GravesWD14},
  bibsource = {dblp computer science bibliography, http://dblp.org}
}

@inproceedings{Siegelmann:1992:CPN:130385.130432,
  author = {Siegelmann, Hava T. and Sontag, Eduardo D.},
  title = {On the Computational Power of Neural Nets},
  booktitle = {Proceedings of the Fifth Annual Workshop on Computational Learning Theory},
  series = {COLT '92},
  year = {1992},
  isbn = {0-89791-497-X},
  location = {Pittsburgh, Pennsylvania, USA},
  pages = {440--449},
  numpages = {10},
  url = {http://doi.acm.org/10.1145/130385.130432},
  doi = {10.1145/130385.130432},
  acmid = {130432},
  publisher = {ACM},
  address = {New York, NY, USA},
} 

@article{SIEGELMANN1994331,
title = "Analog computation via neural networks",
journal = "Theoretical Computer Science",
volume = "131",
number = "2",
pages = "331 - 360",
year = "1994",
note = "",
issn = "0304-3975",
doi = "http://dx.doi.org/10.1016/0304-3975(94)90178-3",
url = "http://www.sciencedirect.com/science/article/pii/0304397594901783",
author = "Hava T Siegelmann and Eduardo D Sontag",
}

@misc{tensorflow2015-whitepaper,
title={{TensorFlow}: Large-Scale Machine Learning on Heterogeneous Systems},
url={http://tensorflow.org/},
note={Software available from tensorflow.org},
author={
    Mart\'{\i}n~Abadi and
    Ashish~Agarwal and
    Paul~Barham and
    Eugene~Brevdo and
    Zhifeng~Chen and
    Craig~Citro and
    Greg~S.~Corrado and
    Andy~Davis and
    Jeffrey~Dean and
    Matthieu~Devin and
    Sanjay~Ghemawat and
    Ian~Goodfellow and
    Andrew~Harp and
    Geoffrey~Irving and
    Michael~Isard and
    Yangqing Jia and
    Rafal~Jozefowicz and
    Lukasz~Kaiser and
    Manjunath~Kudlur and
    Josh~Levenberg and
    Dan~Man\'{e} and
    Rajat~Monga and
    Sherry~Moore and
    Derek~Murray and
    Chris~Olah and
    Mike~Schuster and
    Jonathon~Shlens and
    Benoit~Steiner and
    Ilya~Sutskever and
    Kunal~Talwar and
    Paul~Tucker and
    Vincent~Vanhoucke and
    Vijay~Vasudevan and
    Fernanda~Vi\'{e}gas and
    Oriol~Vinyals and
    Pete~Warden and
    Martin~Wattenberg and
    Martin~Wicke and
    Yuan~Yu and
    Xiaoqiang~Zheng},
  year={2015},
}

@unpublished{Goodfellow-et-al-2016-Book,
  title={Deep Learning},
  author={Ian Goodfellow, Yoshua Bengio, and Aaron Courville},
  note={Book in preparation for MIT Press},
  url={http://www.deeplearningbook.org},
  year={2016}
}
